@book{bronstein,
   author = {I.N. Bronstein and K.A. Semendjajew and G. Musiol and H. MÃ¼hlig},
   year = {2018},
   title = {Taschenbuch der Mathematik},
   publisher = {Europa-Lehrmittel},
   address = {Haan-Gruiten},
}

@misc{lsq_poly_wolfram,
	author = {Eric E. Weisstein},
	title = {Least Squares Fitting -- Polynomial},
	url = {http://mathworld.wolfram.com/LeastSquaresFittingPolynomial.html},
	note = {Aufgerufen am 29. 01. 2019},
}

@misc{lsq_wolfram,
	author = {Eric E. Weisstein},
	title = {Least Squares Fitting},
	url = {http://mathworld.wolfram.com/LeastSquaresFitting.html},
	note = {Aufgerufen am 29. 01. 2019},
}